@article{juška:233208,
  volume = {65},
  journal = {Phys. Rev. B},
  month = {Jun},
  numpages = {4},
  author = {Ju\ifmmode \check{s}\else \v{s}\fi{}ka, G. and Genevi\ifmmode \check{c}\else \v{c}\fi{}ius, K. and Arlauskas, K. and \"Osterbacka, R. and Stubb, H.},
  title = {Charge transport at low electric fields in $\pi$-conjugated polymers},
  year = {2002},
  url = {http://link.aps.org/doi/10.1103/PhysRevB.65.233208},
  doi = {10.1103/PhysRevB.65.233208},
  issue = {23},
  publisher = {American Physical Society},
  pages = {233208}
}

@article{juška:4946,
  volume = {84},
  journal = {Phys. Rev. Lett.},
  month = {May},
  author = {Ju\ifmmode \check{s}\else \v{s}\fi{}ka, G. and Arlauskas, K. and Vili\ifmmode \bar{u}\else \={u}\fi{}nas, M. and Ko\ifmmode \check{c}\else \v{c}\fi{}ka, J.},
  title = {Extraction Current Transients: New Method of Study of Charge Transport in Microcrystalline Silicon},
  year = {2000},
  url = {http://link.aps.org/doi/10.1103/PhysRevLett.84.4946},
  doi = {10.1103/PhysRevLett.84.4946},
  issue = {21},
  publisher = {American Physical Society},
  pages = {4946--4949}
}

@article{juška:143303,
author = {G. Juška and K. Genevičius and N. Nekrašas and G. Sliaužys and G. Dennler},
collaboration = {},
title = {Trimolecular recombination in polythiophene: fullerene bulk heterojunction solar cells},
publisher = {AIP},
year = {2008},
journal = {Applied Physics Letters},
volume = {93},
number = {14},
eid = {143303},
numpages = {3},
pages = {143303},
keywords = {polymer blends; solar cells},
url = {http://link.aip.org/link/?APL/93/143303/1},
doi = {10.1063/1.2996588}
}

@article{juška:013303,
author = {Gytis Juška and Kristijonas Genevičius and Nerijus Nekrašas and Gytis Sliaužys and Ronald \"Osterbacka},
collaboration = {},
title = {Two dimensional Langevin recombination in regioregular poly(3-hexylthiophene)},
publisher = {AIP},
year = {2009},
journal = {Applied Physics Letters},
volume = {95},
number = {1},
eid = {013303},
numpages = {3},
pages = {013303},
keywords = {annealing; carrier density; electron-hole recombination; polymers; solar cells},
url = {http://link.aip.org/link/?APL/95/013303/1},
doi = {10.1063/1.3141513}
}


@article{bange:035209,
  volume = {81},
  journal = {Phys. Rev. B},
  month = {Jan},
  numpages = {7},
  author = {Bange, Sebastian and Schubert, Marcel and Neher, Dieter},
  title = {Charge mobility determination by current extraction under linear increasing voltages: Case of nonequilibrium charges and field-dependent mobilities},
  year = {2010},
  url = {http://link.aps.org/doi/10.1103/PhysRevB.81.035209},
  doi = {10.1103/PhysRevB.81.035209},
  issue = {3},
  publisher = {American Physical Society},
  pages = {035209}
}

@article{juška:155202,
  volume = {84},
  journal = {Phys. Rev. B},
  month = {Oct},
  numpages = {5},
  author = {Ju\ifmmode \check{s}\else \v{s}\fi{}ka, G. and Nekra\ifmmode \check{s}\else \v{s}\fi{}as, N. and Valentinavi\ifmmode \check{c}\else \v{c}\fi{}ius, V. and Meredith, P. and Pivrikas, A.},
  title = {Extraction of photogenerated charge carriers by linearly increasing voltage in the case of Langevin recombination},
  year = {2011},
  url = {http://link.aps.org/doi/10.1103/PhysRevB.84.155202},
  doi = {10.1103/PhysRevB.84.155202},
  issue = {15},
  publisher = {American Physical Society},
  pages = {155202}
}

@article{lorrmann:113705,
author = {J. Lorrmann and B. H. Badada and O. Inganas and V. Dyakonov and C. Deibel},
collaboration = {},
title = {Charge carrier extraction by linearly increasing voltage: Analytic framework and ambipolar transients},
publisher = {AIP},
year = {2010},
journal = {Journal of Applied Physics},
volume = {108},
number = {11},
eid = {113705},
numpages = {8},
pages = {113705},
keywords = {carrier density; carrier mobility; conducting polymers; organic semiconductors; photoconductivity; solar cells},
url = {http://link.aip.org/link/?JAP/108/113705/1},
doi = {10.1063/1.3516392}
}

@Article{langevin,
author = {Langevin},
journal = {Annales de chimie et de physique},
volume = {28},
number = {433},
}


@Book{ashcroft,
author = {Neil W. Ashcroft},
ALTauthor = {N. David Mermin},
title = {Solid State Physics},
year = {1976}
}


@Article{unknown1,
author = {•},
title = {Daug citatų},
journal = {•},
year = {•},
OPTkey = {•},
OPTvolume = {•},
OPTnumber = {•},
OPTpages = {•},
OPTmonth = {•},
OPTnote = {•},
OPTannote = {•}
}

@Article{unknown2,
author = {•},
title = {Dar citata kokia},
journal = {•},
year = {•},
OPTkey = {•},
OPTvolume = {•},
OPTnumber = {•},
OPTpages = {•},
OPTmonth = {•},
OPTnote = {•},
OPTannote = {•}
}

@Article{unknown3,
author = {•},
title = {old fashioned method},
journal = {•},
year = {•},
OPTkey = {•},
OPTvolume = {•},
OPTnumber = {•},
OPTpages = {•},
OPTmonth = {•},
OPTnote = {•},
OPTannote = {•}
}

@Article{unknown4,
author = {•},
title = { Phys. Rev. B 81, 03520},
journal = {•},
year = {•},
OPTkey = {•},
OPTvolume = {•},
OPTnumber = {•},
OPTpages = {•},
OPTmonth = {•},
OPTnote = {•},
OPTannote = {•}
}
@Article{unknown5,
author = {•},
title = {J. Appl. Phys. 108, 113705 },
journal = {•},
year = {•},
OPTkey = {•},
OPTvolume = {•},
OPTnumber = {•},
OPTpages = {•},
OPTmonth = {•},
OPTnote = {•},
OPTannote = {•}
}
@Article{unknown6,
author = {•},
title = {rekombinacijos sotinimasis},
journal = {•},
year = {•},
OPTkey = {•},
OPTvolume = {•},
OPTnumber = {•},
OPTpages = {•},
OPTmonth = {•},
OPTnote = {•},
OPTannote = {•}
}
@Article{unknown7,
author = {•},
title = {būt gerai popierius su senu modeliu iš Jūsų lab.},
journal = {•},
year = {•},
OPTkey = {•},
OPTvolume = {•},
OPTnumber = {•},
OPTpages = {•},
OPTmonth = {•},
OPTnote = {•},
OPTannote = {•}
}
@Article{Lampert,
author = {Lampert},
title = {Lampert},
journal = {•},
year = {•},
OPTkey = {•},
OPTvolume = {•},
OPTnumber = {•},
OPTpages = {•},
OPTmonth = {•},
OPTnote = {•},
OPTannote = {•}
}
@Article{unknown8,
author = {•},
title = {anskčiau rodyti metodai, pvz su t delay. },
journal = {•},
year = {•},
OPTkey = {•},
OPTvolume = {•},
OPTnumber = {•},
OPTpages = {•},
OPTmonth = {•},
OPTnote = {•},
OPTannote = {•}
}








